@misc{nieuwsredactie_2019, 
title={Kernenergie: ja of nee?}, 
howpublished={\url{https://www.feenstra.com/zorgelooswonen/de-voordelen-en-nadelen-van-kernenergie}}, 
journal={Zorgeloos Wonen}, 
publisher={Feenstra}, 
author={Nieuwsredactie}, 
year={2019}, 
month={Apr}
}

@misc{reimondo_2018, 
title={The High Price of Uranium}, 
journal={The High Price of Uranium}, 
publisher={Grand Canyon Trust}, 
author={Reimondo, Amber}, 
year={2018}, 
month={Apr},
howpublished={\url{https://www.grandcanyontrust.org/blog/high-price-uranium}}
}


@misc{rijksoverheid,
title={Kernenergie in de toekomst},
author={Rijksoverheid},
howpublished={\url{https://www.rijksoverheid.nl/onderwerpen/duurzame-energie/opwekking-kernenergie}}
}

@article{grandin_2010,
title={Nuclear Energy}, 
volume={39}, 
url={https://www.ncbi.nlm.nih.gov/pmc/articles/PMC3357650/}, DOI={10.1007/s13280-010-0061-0}, 
journal={Ambio}, 
author={Grandin, Karl and Jagers, Peter and Kullander, Sven}, year={2010}, 
month={Jul}, 
pages={26–30}}

@misc{CERN_website,
title={{CERN} website},
howpublished={\url{https://home.cern/}}
}

@misc{CERN_history,
title = {The History of {CERN}},
howpublished = {\url{https://timeline.web.cern.ch/timeline-header/89#371}}
}

@online{JoeScott,
title = {Quantum {F}ield {T}heory: {R}eality is {N}ot {W}hat {Y}ou {T}hink {I}t {I}s {|} {A}nswers {W}ith {J}oe},
year = {2018},
organization = {Youtube},
author = {Joe Scott},
howpublished = {\url{https://www.youtube.com/watch?v=at-mgqQq9Ds}}
}

@online{ArsTechnica,
title = {How {D}oes the {L}arge {H}adron {C}ollider {W}ork?,
year = {2018},
author = {ArsTechnica},
howpublished = {\url{https://www.youtube.com/watch?v=oWpy0SAAI6E&t=167s}}
}

@misc{CERN_versnellers,
title = {How an accelerator works},
howpublished = {\url{https://home.cern/science/accelerators/how-accelerator-works}},
}

@misc{CERN_LHC,
title = {The {L}arge {H}adron {C}ollider},
howpublished = {\url{https://home.cern/science/accelerators/large-hadron-collider}}

@article{standaardmodel,
title = {Quantumfysica (14): {H}et standaardmodel},
year = {2015},
author = {Vonk, Marcel},
howpublished = {\url{https://www.quantumuniverse.nl/quantumfysica-14-het-standaardmodel}},
organization = {Quantum Universe}
}

@article{CERN_Higgs,
title = {The {H}iggs boson: the hunt, the discovery, the study and some future perspectives},
year = {2018},
author = {Gray, Heather and Mansoulié, Bruno},
howpublished = {\url{https://atlas.cern/updates/atlas-feature/higgs-boson}}
}

@article{Forbes_Higgs,
title = {Five {Y}ears {A}fter {T}he {H}iggs, {W}hat {E}lse {H}as {T}he {LHC} {F}ound?},
author = {Siegel, Ethan},
year = {2018},
howpublished = {\url{https://www.forbes.com/sites/startswithabang/2018/04/11/five-years-after-the-higgs-what-else-has-the-lhc-found/#4032664552c4}}
}

@article{Gizmodo_LHC,
title = {The {L}arge {H}adron {C}ollider {T}urns 10: {H}ere's {W}hat's {N}ext for {P}article {P}hysics},
author = {Mandelbaum, Ryan F},
year = {2018},
howpublished = {\url{https://gizmodo.com/the-large-hadron-collider-turns-10-heres-whats-next-fo-1828968586}}
}

@misc{CERN_HLLHC,
title = {High-{L}uminosity {LHC}},
howpublished = {\url{https://home.cern/science/accelerators/high-luminosity-lhc}}
}

@misc{CERN_thousandantimatter,
title = {C{ERN} experiment traps antimatter atoms for 1000 seconds},
year = {2011},
howpublished = {\url{https://home.cern/news/press-release/cern/cern-experiment-traps-antimatter-atoms-1000-seconds}}
}

@online{JoeScottAnti,
title = {Where {I}s {A}ll {T}he {A}ntimatter? {|} {A}nswers {W}ith {J}oe},
year = {2017},
author = {Scott, Joe},
howpublished = {\url{https://www.youtube.com/watch?v=h1cZo80mYWA}}
}

@misc{CERN_antimatter,
title = {First atoms of antimatter produced at {CERN}},
year = {1996},
howpublished = {\url{https://home.cern/news/press-release/cern/first-atoms-antimatter-produced-cern}}
}

@article{PhysicsWorld_CP,
title = {{CERN} physicists spot symmetry violation in charm mesons},
year = {2019},
author = {Banks, Michael},
howpublished = {\url{https://physicsworld.com/a/cern-physicists-spot-symmetry-violation-in-charm-mesons/}}
}

@online{JoeScottVacuum,
title = {Vacuum {D}ecay: {T}he {Q}uantum {G}litch {T}hat {C}ould {D}estroy {T}he {U}iverse | {A}nswers {W}ith {J}oe},
year = {2017},
author = {Scott, Joe},
howpublished = {\url{https://www.youtube.com/watch?v=GzaCWpl6bWg&list=WL&index=43}}
}

@online{TED_Higgs,
title = {{W}hy our universe might exist on a knife-edge | {G}ian {G}iudice},
year = {2013},
author = {Giudice, Gian},
howpublished = {\url{https://www.youtube.com/watch?v=b8z6HfSq7l8}},
organization = {TED}
}

@online{W_Z_discovery,
title = {discovery of {W} and {Z}},
howpublished = {\url{https://www.youtube.com/watch?v=D3GUyFvVH38}}
}

@article{georgallas_landry_2016,
title={The coefficient of restitution of pressurized balls: a mechanistic model},
volume={94},
DOI={10.1139/cjp-2015-0378},
number={1},
journal={Canadian Journal of Physics},
author={Georgallas, Alex and Landry, Gaëtan},
year={2016},
pages={42–46}
}

